@article{wang04,
  title =	{Bulk metallic glasses},
  journal =	{Materials Science and Engineering: R: Reports},
  volume =	{44},
  number =	{2--3},
  pages =	{45--89},
  year =	{2004},
  issn =	{0927-796X},
  doi =		{DOI: 10.1016/j.mser.2004.03.001},
  url =		{http://www.sciencedirect.com/science/article/B6TXH-4CBW74H-1/2/0e7338ef10febe4e8fb1a163c55a78a0},
  author =	{W. H. Wang and C. Dong and C. H. Shek},
  keywords =	{Bulk metallic glass},
  keywords =	{Glass-forming ability},
  keywords =	{Crystallization},
  keywords =	{High pressure techniques}
}

@Article{langer08,
  title =	{Shear-transformation-zone theory of plastic deformation near the glass transition},
  author =	{James S. Langer},
  journal =	{Phys. Rev. E},
  volume =	{77},
  number =	{2},
  pages =	{021502},
  numpages =	{14},
  year =	{2008},
  month =	{Feb},
  doi =		{10.1103/PhysRevE.77.021502},
  publisher =	{American Physical Society}
}

@Article{chorin68,
  title =	{Numerical Solution of the {N}avier--{S}tokes Equations},
  author =	{Alexandre J. Chorin},
  journal =	{Mathematics of Computation},
  volume =	{22},
  number =	{104},
  pages =	{745--762},
  year =	{1968}
}
