@article{aslam04,
	Author = {Tariq D. Aslam},
	Doi = {10.1016/j.jcp.2003.08.001},
	Issn = {0021-9991},
	Journal = {Journal of Computational Physics},
	Keywords = {Partial differential equation},
	Number = {1},
	Pages = {349--355},
	Title = {A partial differential equation approach to multidimensional extrapolation},
	Volume = {193},
	Year = {2004}
}

@article{rycroft12,
	Author = {Chris H. Rycroft and Fr\'ed\'eric Gibou},
	Doi = {10.1016/j.jcp.2011.10.009},
	Issn = {0021-9991},
	Journal = {Journal of Computational Physics},
	Keywords = {Numerical methods},
	Number = {5},
	Pages = {2155--2179},
	Title = {Simulations of a stretching bar using a plasticity model from the shear transformation zone theory},
	Volume = {231},
	Year = {2012}
}

@article{valkov15,
	Annote = {10.1115/1.4029765},
	Author = {Valkov, Boris and Rycroft, Chris H. and Kamrin, Ken},
	Doi = {10.1115/1.4029765},
	Isbn = {0021-8936},
	Journal = {Journal of Applied Mechanics},
	Month = {04},
	Number = {4},
	Pages = {041011--041011},
	Publisher = {ASME},
	Title = {Eulerian Method for Multiphase Interactions of Soft Solid Bodies in Fluids},
	Volume = {82},
	Year = {2015}
}

@article{kamrin12,
	Author = {Ken Kamrin and Chris H. Rycroft and Jean-Christophe Nave},
	Doi = {10.1016/j.jmps.2012.06.003},
	Issn = {0022-5096},
	Journal = {Journal of the Mechanics and Physics of Solids},
	Number = {11},
	Pages = {1952--1969},
	Title = {Reference map technique for finite-strain elasticity and fluid--solid interaction},
	Volume = {60},
	Year = {2012}
}

@article{chopp01,
	Author = {David L. Chopp},
	Doi = {10.1137/S106482750037617X},
	Journal = {SIAM Journal on Scientific Computing},
	Number = {1},
	Pages = {230--244},
	Publisher = {SIAM},
	Title = {Some Improvements of the Fast Marching Method},
	Volume = {23},
	Year = {2001}
}

@article{rycroft15,
	Author = {Chris H. Rycroft and Yi Sui and Eran Bouchbinder},
	Doi = {10.1016/j.jcp.2015.06.046},
	Issn = {0021-9991},
	Journal = {Journal of Computational Physics},
	Keywords = {Elastoplasticity},
	Pages = {136--166},
	Title = {An Eulerian projection method for quasi-static elastoplasticity},
	Volume = {300},
	Year = {2015}
}

@article{yu03,
	Author = {Jiun-Der Yu and Shinri Sakai and James A. Sethian},
	Doi = {10.4171/IFB/87},
	Journal = {Interfaces and Free Boundaries},
	Keywords = {ink jet simulation; level set-projection method; Navier-Stokes equations},
	Number = {4},
	Pages = {459--482},
	Title = {A coupled level set projection method applied to ink jet simulation},
	Volume = {5},
	Year = {2003}
}

@article{yu07,
	Author = {Jiun-Der Yu and Shinri Sakai and J.A. Sethian},
	Doi = {10.1016/j.jcp.2006.05.020},
	Issn = {0021-9991},
	Journal = {Journal of Computational Physics},
	Keywords = {Two phase flow},
	Number = {2},
	Pages = {568--585},
	Title = {Two-phase viscoelastic jetting},
	Volume = {220},
	Year = {2007}
}

@article{chorin67,
	Author = {Alexandre Joel Chorin},
	Doi = {10.1016/0021-9991(67)90037-X},
	Issn = {0021-9991},
	Journal = {Journal of Computational Physics},
	Number = {1},
	Pages = {12--26},
	Title = {A numerical method for solving incompressible viscous flow problems},
	Volume = {2},
	Year = {1967}
}

@article{chorin68,
	Author = {Alexandre Joel Chorin},
	Journal = {Mathematics of Computation},
	Number = {104},
	Pages = {745--762},
	Title = {Numerical Solution of the {N}avier--{S}tokes Equations},
	Volume = {22},
	Year = {1968}
}
